% This file was created with JabRef 2.10.
% Encoding: Cp1255


@Book{Ada,
  Title                    = {Stable homotopy and generalised homology},
  Author                   = {J. F. Adams},
  Publisher                = {Chicago Press, Illinois and London},
  Year                     = {1974},

  Owner                    = {shaybenmoshe},
  Timestamp                = {2018.09.08}
}

@Article{HS,
  Title                    = {Nilpotence and Stable Homotopy Theory {{II}}},
  Author                   = {M. Hopkins and J. H. Smith},
  Journal                  = {Annals of Mathematics, 148(1), second series, 1-49},
  Year                     = {1998},

  Owner                    = {shaybenmoshe},
  Timestamp                = {2017.11.18}
}

@Article{Lur,
  Title                    = {Chromatic homotopy theory},
  Author                   = {J. Lurie},
  Journal                  = {252x course notes},
  Year                     = {2010},

  Owner                    = {shaybenmoshe},
  Timestamp                = {2018.09.06}
}

@Book{Rav86,
  Title                    = {Complex Cobordism and Stable Homotopy Groups of Spheres},
  Author                   = {D. C. Ravenel},
  Publisher                = {Academic Press, New York},
  Year                     = {1986},

  Owner                    = {shaybenmoshe},
  Timestamp                = {2018.09.06}
}

@comment{jabref-meta: databaseType:bibtex;}

